<record xmlns='http://www.loc.gov/MARC21/slim'><leader>01195cim a22003252u 4500</leader><controlfield tag='001'>3605550</controlfield><controlfield tag='005'>20151214183541.0</controlfield><controlfield tag='007'>ss|lmnjluz|nuu</controlfield><controlfield tag='008'>991101s1995    nyunnn         l    eng d</controlfield><datafield ind1=' ' ind2=' ' tag='035'><subfield code='a'>(NIC)notisASG2615</subfield></datafield><datafield ind1=' ' ind2=' ' tag='035'><subfield code='a'>3605550</subfield></datafield><datafield ind1=' ' ind2=' ' tag='035'><subfield code='a'>(OCoLC)63904888</subfield></datafield><datafield ind1=' ' ind2=' ' tag='040'><subfield code='a'>NIC</subfield><subfield code='c'>NIC</subfield><subfield code='d'>NIC</subfield><subfield code='d'>NIC</subfield></datafield><datafield ind1='1' ind2=' ' tag='100'><subfield code='a'>Lanzmann, Claude.</subfield></datafield><datafield ind1='1' ind2='2' tag='245'><subfield code='a'>A discussion with Claude Lanzmann about his films</subfield><subfield code='h'>[sound recording]</subfield></datafield><datafield ind1=' ' ind2=' ' tag='260'><subfield code='c'>1995.</subfield></datafield><datafield ind1=' ' ind2=' ' tag='300'><subfield code='a'>2 sound cassettes (106 min.) :</subfield><subfield code='b'>analog, mono.</subfield></datafield><datafield ind1=' ' ind2=' ' tag='500'><subfield code='a'>Recorded in Ithaca, NY by Cornell University.</subfield></datafield><datafield ind1=' ' ind2=' ' tag='500'><subfield code='a'>Sponsored by: Society for the Humanities,Cornell Cinema,Romance Studies, Department of,German Studies, Department of,History, Department of,Jewish Studies Program.</subfield></datafield><datafield ind1=' ' ind2=' ' tag='500'><subfield code='a'>Speaker(s): Noted French filmmaker (&quot;Shoah&quot;, &quot;Tsahal&quot;); Clark Fellow (Cornell).</subfield></datafield><datafield ind1=' ' ind2=' ' tag='518'><subfield code='a'>Panel, April 27, 1995, 4:30pm, HEC Aud., GS.</subfield></datafield><datafield ind1='1' ind2=' ' tag='700'><subfield code='a'>Murray, Timothy.</subfield></datafield><datafield ind1='1' ind2=' ' tag='700'><subfield code='a'>Rodowick, David Norman.</subfield></datafield><datafield ind1='1' ind2=' ' tag='700'><subfield code='a'>Weiss, John Hubbel. </subfield></datafield><datafield ind1='1' ind2=' ' tag='700'><subfield code='a'>LaCapra, Dominick,</subfield><subfield code='d'>1939-</subfield></datafield><datafield ind1='1' ind2=' ' tag='700'><subfield code='a'>Furman, Nelly.</subfield></datafield><datafield ind1='1' ind2=' ' tag='700'><subfield code='a'>Buck-Morss, Susan.</subfield></datafield><datafield ind1='1' ind2=' ' tag='700'><subfield code='a'>Brinkley, Anthony.</subfield></datafield><datafield ind1='1' ind2=' ' tag='899'><subfield code='a'>CULectures</subfield></datafield><datafield ind1=' ' ind2=' ' tag='905'><subfield code='a'>20000406120000.0</subfield></datafield></record>